[gd_scene load_steps=5 format=2]

[ext_resource path="res://Sprites/Industrial Platform-1.png" type="Texture" id=1]
[ext_resource path="res://Sprites/Industrial Platform-2.png" type="Texture" id=2]

[sub_resource type="SpriteFrames" id=1]
animations = [ {
"frames": [ ExtResource( 1 ), ExtResource( 2 ) ],
"loop": true,
"name": "default",
"speed": 2.0
} ]

[sub_resource type="RectangleShape2D" id=2]
extents = Vector2( 240, 10 )

[node name="Platform" type="StaticBody2D"]

[node name="AnimatedSprite" type="AnimatedSprite" parent="."]
position = Vector2( 10, 0 )
scale = Vector2( 0.625, 0.625 )
frames = SubResource( 1 )
frame = 1
playing = true

[node name="AnimatedSprite23" type="AnimatedSprite" parent="."]
position = Vector2( -230, 0 )
scale = Vector2( 0.625, 0.625 )
frames = SubResource( 1 )
frame = 1
playing = true

[node name="AnimatedSprite2" type="AnimatedSprite" parent="."]
position = Vector2( 30, 0 )
scale = Vector2( 0.625, 0.625 )
frames = SubResource( 1 )
frame = 1
playing = true

[node name="AnimatedSprite22" type="AnimatedSprite" parent="."]
position = Vector2( -210, 0 )
scale = Vector2( 0.625, 0.625 )
frames = SubResource( 1 )
frame = 1
playing = true

[node name="AnimatedSprite3" type="AnimatedSprite" parent="."]
position = Vector2( 50, 0 )
scale = Vector2( 0.625, 0.625 )
frames = SubResource( 1 )
frame = 1
playing = true

[node name="AnimatedSprite13" type="AnimatedSprite" parent="."]
position = Vector2( -190, 0 )
scale = Vector2( 0.625, 0.625 )
frames = SubResource( 1 )
frame = 1
playing = true

[node name="AnimatedSprite4" type="AnimatedSprite" parent="."]
position = Vector2( 70, 0 )
scale = Vector2( 0.625, 0.625 )
frames = SubResource( 1 )
frame = 1
playing = true

[node name="AnimatedSprite14" type="AnimatedSprite" parent="."]
position = Vector2( -170, 0 )
scale = Vector2( 0.625, 0.625 )
frames = SubResource( 1 )
frame = 1
playing = true

[node name="AnimatedSprite5" type="AnimatedSprite" parent="."]
position = Vector2( 90, 0 )
scale = Vector2( 0.625, 0.625 )
frames = SubResource( 1 )
frame = 1
playing = true

[node name="AnimatedSprite15" type="AnimatedSprite" parent="."]
position = Vector2( -150, 0 )
scale = Vector2( 0.625, 0.625 )
frames = SubResource( 1 )
frame = 1
playing = true

[node name="AnimatedSprite6" type="AnimatedSprite" parent="."]
position = Vector2( 110, 0 )
scale = Vector2( 0.625, 0.625 )
frames = SubResource( 1 )
frame = 1
playing = true

[node name="AnimatedSprite24" type="AnimatedSprite" parent="."]
position = Vector2( -130, 0 )
scale = Vector2( 0.625, 0.625 )
frames = SubResource( 1 )
frame = 1
playing = true

[node name="AnimatedSprite7" type="AnimatedSprite" parent="."]
position = Vector2( 130, 0 )
scale = Vector2( 0.625, 0.625 )
frames = SubResource( 1 )
frame = 1
playing = true

[node name="AnimatedSprite18" type="AnimatedSprite" parent="."]
position = Vector2( -110, 0 )
scale = Vector2( 0.625, 0.625 )
frames = SubResource( 1 )
frame = 1
playing = true

[node name="AnimatedSprite8" type="AnimatedSprite" parent="."]
position = Vector2( 150, 0 )
scale = Vector2( 0.625, 0.625 )
frames = SubResource( 1 )
frame = 1
playing = true

[node name="AnimatedSprite19" type="AnimatedSprite" parent="."]
position = Vector2( -90, 0 )
scale = Vector2( 0.625, 0.625 )
frames = SubResource( 1 )
frame = 1
playing = true

[node name="AnimatedSprite9" type="AnimatedSprite" parent="."]
position = Vector2( 170, 0 )
scale = Vector2( 0.625, 0.625 )
frames = SubResource( 1 )
frame = 1
playing = true

[node name="AnimatedSprite16" type="AnimatedSprite" parent="."]
position = Vector2( -70, 0 )
scale = Vector2( 0.625, 0.625 )
frames = SubResource( 1 )
frame = 1
playing = true

[node name="AnimatedSprite10" type="AnimatedSprite" parent="."]
position = Vector2( 190, 0 )
scale = Vector2( 0.625, 0.625 )
frames = SubResource( 1 )
frame = 1
playing = true

[node name="AnimatedSprite21" type="AnimatedSprite" parent="."]
position = Vector2( -50, 0 )
scale = Vector2( 0.625, 0.625 )
frames = SubResource( 1 )
frame = 1
playing = true

[node name="AnimatedSprite11" type="AnimatedSprite" parent="."]
position = Vector2( 210, 0 )
scale = Vector2( 0.625, 0.625 )
frames = SubResource( 1 )
frame = 1
playing = true

[node name="AnimatedSprite20" type="AnimatedSprite" parent="."]
position = Vector2( -30, 0 )
scale = Vector2( 0.625, 0.625 )
frames = SubResource( 1 )
frame = 1
playing = true

[node name="AnimatedSprite12" type="AnimatedSprite" parent="."]
position = Vector2( 230, 0 )
scale = Vector2( 0.625, 0.625 )
frames = SubResource( 1 )
frame = 1
playing = true

[node name="AnimatedSprite17" type="AnimatedSprite" parent="."]
position = Vector2( -9.99998, 0 )
scale = Vector2( 0.625, 0.625 )
frames = SubResource( 1 )
frame = 1
playing = true

[node name="CollisionShape2D" type="CollisionShape2D" parent="."]
shape = SubResource( 2 )
